%%%%%%%%%%%%%%%%%%%%%%%%%%%%%%%%%%%%%%%%%%%%%%%%%%%%%%%%%%%%%%%%%%%%%%%%%%%%%%%%
%%
%% Список литературы
%%
%%%%%%%%%%%%%%%%%%%%%%%%%%%%%%%%%%%%%%%%%%%%%%%%%%%%%%%%%%%%%%%%%%%%%%%%%%%%%%%%

@ARTICLE{russian,
  author = {Василий Пупкин and Василиса Пупкина and Пупкинский, В.П.},
  title = {Русская статья},
  journal = {Научно-технические ведомости НИИ ЧАВО},
  year = 2000,
  number = 16,
  pages = {32--64},
  language = {russian},
}

@book{java-book,
	title={Программирование на Java},
	author={Нимейер, П. and Леук, Д.},
	isbn={9785457661004},
	url={https://books.google.ru/books?id=zVpUBQAAQBAJ},
	year={2014},
	publisher={Эксмо},
	language = {russian},
}

@online{ANTLR,
	title = {ANTLR},
	organization = {Веб-сайт проекта ANTLR},
	url = {http://www.antlr.org/},
	urldate = {18.06.2015},
	language = {russian},
}

@ARTICLE{one,
  author = {J.M. Collado, C. Hilario, Arturo de la Escalera, J.M. Armingol},
  title = {Model based vehicle detection for intelligent vehicles},
  journal = {Intelligent Vehicles Symposium},
  year = 2004,
  language = {english},
}

@online{two,
	title = {Признаки Хаара},
	organization = {Веб-сайт проекта Wikipedia},
	url = {https://ru.wikipedia.org/wiki/Haar-like_feature},
	urldate = {05.11.2019},
	language = {russian},
}

@ARTICLE{three,
  author = {Viola and Jones},
  title = {Rapid object detection using a boosted cascade of simple features},
  journal = {Computer Vision and Pattern Recognition},
  year = 2001,
  language = {english},
}

@ARTICLE{four,
  author = {Lienhart, R. and Maydt, J.},
  title = {An extended set of Haar-like features for rapid object detection},
  journal = {ICIP02},
  year = 2002,    
  pages = {900--903},
  language = {english},
}

@ARTICLE{five,
  author = {Messom, C.H. and Barczak, A.L.C.},
  title = {Fast and Efficient Rotated Haar-like Features Using Rotated Integral Images},
  journal = {Australian Conference on Robotics and Automation},
  year = 2006,    
  pages = {1--6},
  language = {english},
}

@online{six,
	title = {Обзор дескрипторов изображения Local Binary Patterns (LBP) и их вариаций},
	organization = {Веб-сайт проекта Habrahabr},
	url = {https://habrahabr.ru/post/280888/},
	urldate = {05.11.2019},
	language = {russian},
}

@online{seven,
	title = {Гистограмма направленных градиентов},
	organization = {Веб-сайт проекта Wikipedia},
	url = {https://ru.wikipedia.org/wiki/Histogram_of_oriented_gradients},
	urldate = {06.11.2019},
	language = {russian},
}

@online{eight,
	title = {HOG-based SVM for detecting vehicles in a video},
	organization = {Веб-сайт проекта Nrsyed},
	url = {https://nrsyed.com/tag/hog/page/6/},
	urldate = {01.12.2019},
	language = {russian},
}

@online{nine,
	title = {Метод опорных векторов},
	organization = {Веб-сайт проекта Wikipedia},
	url = {https://ru.wikipedia.org/wiki/Support_vector_machine},
	urldate = {01.12.2019},
	language = {russian},
}

@ARTICLE{ten,
  author = {Yingfeng Cai, Ze Liu, Hai Wang, Xiaobo Chen, and Long Chen},
  title = {Vehicle Detection by Fusing Part Model Learning and Semantic Scene Information for Complex Urban Surveillance},
  journal = {PMC},
  year = 2018,  
  language = {english},
}

@online{eleven,
	title = {Сверточная нейронная сеть},
	organization = {Веб-сайт проекта Wikipedia},
	url = {https://ru.wikipedia.org/wiki/Convolutional_neural_network},
	urldate = {16.12.2019},
	language = {russian},
}

@ARTICLE{twelve,
  author = {H. Fukui, T. Yamashita},
  title = {Pedestrian Detection Based on Deep Convolutional Neural Network with Ensemble Inference Network},
  year = 2015,  
  language = {english},
}

@ARTICLE{thirteen,
  author = {Joseph Redmon, Ali Farhadi},
  title = {YOLOv3: An Incremental Improvement},
  journal = {University of Washington},
  year = 2016,  
  language = {english},
}

@ARTICLE{fourteen,
  author = {Wei Liu, Dragomir Anguelov, Dumitru Erhan, Christian Szegedy, Scott Reed, Cheng-Yang Fu, Alexander C. Berg},
  title = {SSD: Single Shot MultiBox Detector},
  journal = {Arxiv},
  year = 2015,  
  language = {english},
}

@ARTICLE{fifteen,
  author = {Shaoqing Ren, Kaiming He, Ross Girshick, and Jian Sun},
  title = {Faster R-CNN: Towards Real-Time Object Detection with Region Proposal Networks},
  journal = {Arxiv},
  year = 2015,  
  language = {english},
}

@ARTICLE{sixteen,
  author = {Kaiming He, Georgia Gkioxari, Piotr Dollar, Ross Girshick},
  title = {Mask R-CNN},
  journal = {Facebook AI Research (FAIR)},
  year = 2017,  
  language = {english},
}

@online{seventeen,
	title = {TensorFlow Detection},
	organization = {Веб-сайт Github},
	url = {https://github.com/tensorflow/models/tree/master/research/object_detection},
	urldate = {10.02.2020},
	language = {english},
}

@online{eighteen,
	title = {Стохастический градиентный спуск},
	organization = {Веб-сайт проекта Machinelearning},
	url = {http://www.machinelearning.ru/wiki/index.php},
	urldate = {14.03.2020},
	language = {russian},
}

@online{nineteen,
	title = {ImageNet Downloader Tool},
	organization = {Веб-сайт Github},
	url = {https://github.com/mf1024/ImageNet-Datasets-Downloader},
	urldate = {16.03.2020},
	language = {english},
}

@online{twenty,
	title = {TensorFlow Model Zoo},
	organization = {Веб-сайт Github},
	url = {https://github.com/tensorflow/models},
	urldate = {16.03.2020},
	language = {english},
}

@online{twentyone,
	title = {Функции потерь},
	organization = {Веб-сайт проекта Learnmachinelearning},
	url = {https://learnmachinelearning.wikia.org/ru/wiki},
	urldate = {20.03.2020},
	language = {russian},
}

@ARTICLE{twentytwo,
  author = {Патин. М.В.},
  title = {Алгоритмы обнаружения особых точек и их дескрипторов},
  journal = {СПбГУ},
  year = 2016,  
  language = {russian},
}

%%%%%%%%%%%%%%%%%%%%%%%%%%%%%%%%%%%%%%%%%%%%%%%%%%%%%%%%%%%%%%%%%%%%%%%%%%%%%%%%
